@inproceedings{graphSLAM,
  title = 	{Efficient, generalized indoor WiFi GraphSLAM},
  author = 	{J. Huang and D. Millman and M. Quigley and D. Stavens and S. Thrun and A. Aggarwal},
  year = 	{2011},
  booktitle = 	{Proceedings of the IEEE International Conference on Robotics and Automation},
  school = 	{Stanford University},
  url = 	{http://www.cs.stanford.edu/people/dstavens/icra11/huang_etal_icra11.pdf},
}

@inproceedings{WiFiSLAM,
  title = 	{WiFi-SLAM Using Gaussian Process Latent Variable Models},
  author = 	{Brian Ferris and Dieter Fox and Neil Lawrence},
  year = 	{2007},
school = 	{University of Washington},
  booktitle = 	{Proceedings of the International Joint Conferences on Artificial Intelligence},
  url = 	{www.ijcai.org/papers07/Papers/IJCAI07-399.pdf},
  pages = 	{2480-2485},
}

@Article{Estimating,
  title = 	{Estimating Location Using Wi-Fi},
  author = 	{Qiang Yang and Sinno Jialin Pan and Vincent Wenchen Zheng},
  journal = 	{IEEE Intelligent Systems},
  year =	{2007},
  school = 	{Hong Kong University of Science and Technology},
  url = 	{http://ftp.cse.ust.hk/~qyang/Docs/2008/intsys08.pdf},
}

@inproceedings{Howard-2003-283,
author = "Andrew Howard and Sajid Siddiqi and Gaurav S. Sukhatme",
title = "An Experimental Study of Localization Using Wireless Ethernet",
booktitle = " Proceedings of the International Conference on Field and Service Robotics",
school = "University of Southern California",
month = "Jul",
year = "2003",
url = "http://cres.usc.edu/cgi-bin/print_pub_details.pl?pubid=283"
}

@inproceedings{siddiqi,
author = "Sajid Siddiqi and Gaurav S. Sukhatme and Andrew Howard",
title = "Experiments in Monte-Carlo Localization using WiFi Signal Strength",
booktitle = " Proceedings of the International Conference on Advanced Robotics",
address = "Coimbra, Portugal",
school = "University of Southern California",
month = "Jul",
year = "2003",
url = "http://cres.usc.edu/cgi-bin/print_pub_details.pl?pubid=341"
}

@inproceedings{biswas,
author = "Joydeep Biswas and Manuela Veloso",
title = "WiFi Localization and Navigation for Autonomous Indoor Mobile Robots",
school = "Carnegie Mellon University",
booktitle = {Proceedings of the IEEE International Conference on Robotics and Automation},
year = "2010",
url = "http://www.cs.cmu.edu/~mmv/papers/10icra-joydeep.pdf"
}